@inproceedings{Pey17,
  author    = {Simon {Peyton Jones}},
  title     = {How to Write a Great Research Paper},
  booktitle = {2017 Imperial College Computing Student Workshop, {ICCSW} 2017, September
               26-27, 2017, London, {UK}},
  pages     = {1:1--1:1},
  year      = {2017},  
}

@misc{UNSWWebsite,
  title = {How Do I Cite Online Sources?},
  howpublished = {\url{https://student.unsw.edu.au/how-do-i-cite-electronic-sources}},  
  note = {Last accessed: 2019-02-27},
  year={2019},
  author = {UNSW},  
}

@book{Wil09,
  title={Style: the basics of clarity and grace},
  author={Williams, Joseph M and Bizup, Joseph},
  year={2009},
  publisher={Pearson Longman}
}

@book{Pin15,
  title={The sense of style: The thinking person's guide to writing in the 21st century},
  author={Pinker, Steven},
  year={2015},
  publisher={Penguin Books}
}

@book{StrWhi07,
  title={The Elements of style},
  author={Strunk, William and Whyte, EB},
  year={2007},
  publisher={Penguin}
}

@book{Von80,
  title={How to write with style},
  author={Vonnegut, Kurt},
  year={1980},
  publisher={International Paper Company}
}

@incollection{Orw68,
  title={Politics and the {English} language},
  author={Orwell, George},
  booktitle={The collected essays, journalism and letters of George Orwell},
  pages={127--140},
  year={1968},
  publisher={Harcourt, Brace, Javanovich}
}

%=======================================================
% Remove everything above this

% Background Research Papers

@article{Zhang2008,
   author = {Liying Zhang and Hao Zhu and Tudor I. Oprea and Alexander Golbraikh and Alexander Tropsha},
   doi = {10.1007/S11095-008-9609-0},
   issn = {1573-904X},
   issue = {8},
   journal = {Pharmaceutical Research 2008 25:8},
   keywords = {Biochemistry,Biomedical Engineering and Bioengineering,Medical Law,Pharmacology/Toxicology,Pharmacy,general},
   month = {6},
   pages = {1902-1914},
   publisher = {Springer},
   title = {QSAR Modeling of the Blood–Brain Barrier Permeability for Diverse Organic Compounds},
   volume = {25},
   url = {https://link.springer.com/article/10.1007/s11095-008-9609-0},
   year = {2008},
}

@article{Saber2020,
   author = {Ralph Saber and Rami Mhanna and Sandy Rihana},
   doi = {10.21203/RS.3.RS-29117/V1},
   keywords = {artificial intelligence,blood-brain barrier,classification,feature selection,genetic algorithm,in silico modeling,machine learning},
   month = {5},
   title = {A machine learning model for the prediction of drug permeability across the Blood-Brain Barrier: a comparative approach},
   url = {https://www.researchsquare.com https://www.researchsquare.com/article/rs-29117/v1},
   year = {2020},
}

@article{Gao2017,
   author = {Zhen Gao and Yang Chen and Xiaoshu Cai and Rong Xu},
   doi = {10.1093/BIOINFORMATICS/BTW713},
   issn = {1367-4803},
   issue = {6},
   journal = {Bioinformatics},
   keywords = {//githubcom/bioinformatics-gao/CASE-BBB-prediction,Availability and Implementation,https},
   month = {3},
   pages = {901-908},
   publisher = {Oxford Academic},
   title = {Predict drug permeability to blood–brain-barrier from clinical phenotypes: drug side effects and drug indications},
   volume = {33},
   url = {https://academic.oup.com/bioinformatics/article/33/6/901/2623044},
   year = {2017},
}

@article{Zhao2007,
   author = {Yuan H. Zhao and Michael H. Abraham and Adam Ibrahim and Paul V. Fish and Susan Cole and Mark L. Lewis and Marcel J. De Groot and Derek P. Reynolds},
   doi = {10.1021/ci600312d},
   issn = {15499596},
   issue = {1},
   journal = {Journal of Chemical Information and Modeling},
   month = {1},
   pages = {170-175},
   pmid = {17238262},
   title = {Predicting penetration across the blood-brain barrier from simple descriptors and fragmentation schemes},
   volume = {47},
   year = {2007},
}

@article{Singh2020,
   author = {Manvi Singh and Reshmi Divakaran and Leela Sarath Kumar Konda and Rajendra Kristam},
   doi = {10.1016/j.jmgm.2019.107516},
   issn = {18734243},
   journal = {Journal of Molecular Graphics and Modelling},
   keywords = {Blood brain barrier,Brain/Plasma,Classification model,Consensus model,Molecular descriptors,Substructure analysis,Y-scrambling},
   month = {5},
   pmid = {31940508},
   publisher = {Elsevier Inc.},
   title = {A classification model for blood brain barrier penetration},
   volume = {96},
   year = {2020},
}

@article{Li2005,
   author = {Hu Li and Chun Wei Yap and Choong Yong Ung and Ying Xue and Zhi Wei Cao and Yu Zong Chen},
   doi = {10.1021/CI050135U/SUPPL_FILE/CI050135USI20050704_093228.PDF},
   issn = {15499596},
   issue = {5},
   journal = {Journal of Chemical Information and Modeling},
   month = {9},
   pages = {1376-1384},
   pmid = {16180914},
   publisher = { American Chemical Society },
   title = {Effect of selection of molecular descriptors on the prediction of blood-brain barrier penetrating and nonpenetrating agents by statistical learning methods},
   volume = {45},
   url = {https://pubs.acs.org/doi/abs/10.1021/ci050135u},
   year = {2005},
}

@misc{Woodruff2017,
   author = {Alan Woodruff and Jürgen Götz},
   journal = {University of Queensland},
   title = {What is the blood-brain barrier? - Queensland Brain Institute},
   url = {https://qbi.uq.edu.au/brain/brain-anatomy/what-blood-brain-barrier},
   year = {2017},
}

%=======================================================
% Chemical Descriptors, Side Effects and Indications

@misc{Molconn-Z,
   title = {Molconn-Z},
   url = {http://www.edusoft-lc.com/molconn/},
   note = {Last accessed: 2022-02-13},
   year={2022},
}

@misc{MOE,
   title = {MOE},
   url = {https://www.chemcomp.com/},
   note = {Last accessed: 2022-02-13},
   year={2022},
}

@misc{Dragon,
   title = {Dragon},
   url = {http://www.talete.mi.it/products/dragon\_description.htm},
   note = {Last accessed: 2022-02-13},
   year={2022},
}

@article{Yap2011,
   author = {Chun Wei Yap},
   doi = {10.1002/JCC.21707},
   issn = {1096-987X},
   issue = {7},
   journal = {Journal of Computational Chemistry},
   keywords = {molecular descriptor,open source,software},
   month = {5},
   pages = {1466-1474},
   pmid = {21425294},
   publisher = {John Wiley & Sons, Ltd},
   title = {PaDEL-descriptor: An open source software to calculate molecular descriptors and fingerprints},
   volume = {32},
   url = {https://onlinelibrary.wiley.com/doi/full/10.1002/jcc.21707},
   year = {2011},
}

@misc{SIDER,
   title = {SIDER},
   url = {http://sideeffects.embl.de/},
   note = {Last accessed: 2022-02-13},
   year={2022},
}

@misc{PubChem,
   title = {PubChem},
   url = {https://pubchem.ncbi.nlm.nih.gov/},
   note = {Last accessed: 2022-02-16},
   year={2022},
}

@misc{PubMed,
   title = {PubMed},
   url = {https://pubmed.ncbi.nlm.nih.gov/},
   note = {Last accessed: 2022-02-25},
   year={2022},
}

@misc{PubMed_Central,
   title = {PubMed Central},
   url = {https://www.ncbi.nlm.nih.gov/pmc/},
   note = {Last accessed: 2022-02-25},
   year={2022},
}

%=======================================================
% Medical APIs

@misc{PubChemAPI,
   title = {PubChem's API},
   url = {https://pubchemdocs.ncbi.nlm.nih.gov/pug-rest},
   note = {Last accessed: 2022-02-23},
   year={2022},
}

@misc{PubMedAPI,
   title = {PubMed's E-Utilities API},
   url = {https://www.ncbi.nlm.nih.gov/books/NBK25501/},
   note = {Last accessed: 2022-02-21},
   year={2022},
}

@misc{SpringerAPI,
   title = {Springer Nature's API},
   url = {https://dev.springernature.com/},
   note = {Last accessed: 2022-02-21},
   year={2022},
}

%=======================================================
% Web App

@misc{Streamlit,
   title = {Streamlit},
   url = {https://streamlit.io/},
   note = {Last accessed: 2022-02-16},
   year={2022},
}

%=======================================================
% Model Interpretability

@misc{ELI5,
   title = {ELI5},
   url = {https://eli5.readthedocs.io/en/latest/overview.html},
   note = {Last accessed: 2022-02-16},
   year={2022},
}

@misc{LIME,
   title = {Local Interpretable Model-Agnostic Explanations (LIME)},
   url = {https://lime-ml.readthedocs.io/en/latest/},
   note = {Last accessed: 2022-02-16},
   year={2022},
}

%=======================================================
% Scikit-Learn References

@article{scikit-learn,
 title={Scikit-learn: Machine Learning in {P}ython},
 author={Pedregosa, F. and Varoquaux, G. and Gramfort, A. and Michel, V.
         and Thirion, B. and Grisel, O. and Blondel, M. and Prettenhofer, P.
         and Weiss, R. and Dubourg, V. and Vanderplas, J. and Passos, A. and
         Cournapeau, D. and Brucher, M. and Perrot, M. and Duchesnay, E.},
 journal={Journal of Machine Learning Research},
 volume={12},
 pages={2825--2830},
 year={2011}
}

@misc{TrainTestSplit,
   title = {Scikit-Learn Train Test Split},
   url = {https://scikit-learn.org/stable/modules/generated/sklearn.model\_selection.train\_test\_split.html},
   note = {Last accessed: 2022-02-27},
   year={2022},
}

@misc{PCA,
   title = {Scikit-Learn PCA},
   url = {https://scikit-learn.org/stable/modules/generated/sklearn.decomposition.PCA.html},
   note = {Last accessed: 2022-03-05},
   year={2022},
}

@misc{RFECV,
   title = {Scikit-Learn RFECV},
   url = {https://scikit-learn.org/stable/modules/generated/sklearn.feature\_selection.RFECV.html},
   note = {Last accessed: 2022-02-27},
   year={2022},
}

@misc{GridSearch,
   title = {Scikit-Learn GridSearchCV},
   url = {https://scikit-learn.org/stable/modules/generated/sklearn.model\_selection.GridSearchCV.html},
   note = {Last accessed: 2022-02-16},
   year={2022},
}

@misc{Pipeline,
   title = {Scikit-Learn Pipeline},
   url = {https://scikit-learn.org/stable/modules/generated/sklearn.pipeline.Pipeline.html},
   note = {Last accessed: 2022-02-27},
   year={2022},
}

@misc{StandardScaler,
   title = {Scikit-Learn StandardScaler},
   url = {https://scikit-learn.org/stable/modules/generated/sklearn.preprocessing.StandardScaler.html},
   note = {Last accessed: 2022-02-27},
   year={2022},
}

@misc{Permutation_Test_Score,
   title = {Scikit-Learn Permutation Test Score},
   url = {scikit-learn.org/stable/modules/generated/sklearn.model\_selection.permutation\_test\_score.html},
   note = {Last accessed: 2022-02-16},
   year={2022},
}

@misc{Permutation_Test_Score_Explanation,
   title = {Scikit-Learn Permutation Test Score User Guide},
   url = {https://scikit-learn.org/stable/modules/cross\_validation.html\#permutation-test-score},
   note = {Last accessed: 2022-02-20},
   year={2022},
}

@misc{Recall,
   title = {Scikit-Learn Recall Score},
   url = {https://scikit-learn.org/stable/modules/generated/sklearn.metrics.recall\_score.html},
   note = {Last accessed: 2022-02-19},
   year={2022},
}

@misc{Precision,
   title = {Scikit-Learn Precision Score},
   url = {https://scikit-learn.org/stable/modules/generated/sklearn.metrics.precision\_score.html},
   note = {Last accessed: 2022-02-19},
   year={2022},
}

@misc{F1,
   title = {Scikit-Learn F1 Score},
   url = {https://scikit-learn.org/stable/modules/generated/sklearn.metrics.f1\_score.html},
   note = {Last accessed: 2022-02-19},
   year={2022},
}

@misc{Accuracy,
   title = {Scikit-Learn Accuracy Score},
   url = {https://scikit-learn.org/stable/modules/generated/sklearn.metrics.accuracy\_score.html},
   note = {Last accessed: 2022-02-19},
   year={2022},
}

@misc{MCC,
   title = {Scikit-Learn - Matthews Correlation Coefficient},
   url = {https://scikit-learn.org/stable/modules/generated/sklearn.metrics.matthews\_corrcoef.html},
   note = {Last accessed: 2022-02-19},
   year={2022},
}

@misc{MAE,
   title = {Scikit-Learn Mean Absolute Error},
   url = {https://scikit-learn.org/stable/modules/model\_evaluation.html\#mean-absolute-error},
   note = {Last accessed: 2022-02-19},
   year={2022},
}

@misc{R2,
   title = {Scikit-Learn R2 Score},
   url = {https://scikit-learn.org/stable/modules/model\_evaluation.html\#r2-score},
   note = {Last accessed: 2022-02-19},
   year={2022},
}

@misc{DummyClassifier,
   title = {Scikit-Learn Dummy Classifier},
   url = {https://scikit-learn.org/stable/modules/generated/sklearn.dummy.DummyClassifier.html},
   note = {Last accessed: 2022-02-20},
   year={2022},
}

@misc{DummyRegressor,
   title = {Scikit-Learn Dummy Regressor},
   url = {https://scikit-learn.org/stable/modules/generated/sklearn.dummy.DummyRegressor.html},
   note = {Last accessed: 2022-02-20},
   year={2022},
}

%=======================================================
% Other Sources

@misc{Confusion_Matrix,
   title = {Towards Data Science - Confusion Matrix for Binary Classification},
   url = {https://towardsdatascience.com/confusion-matrix-for-your-multi-class-machine-learning-model-ff9aa3bf7826},
   author = {Joydwip Mohajon},
   note = {Last accessed: 2022-02-16},
   year={2020},
}

@misc{MCC2,
   title = {Statology - Matthews Correlation Coefficient},
   url = {https://www.statology.org/matthews-correlation-coefficient-python/},
   note = {Last accessed: 2022-02-19},
   year={2022},
}

@misc{R2_2,
   title = {Medium - Looking at R-Squared},
   url = {https://medium.com/@erika.dauria/looking-at-r-squared-721252709098},
   author = {Erika Dauria},
   note = {Last accessed: 2022-02-19},
   year={2022},
}

%=======================================================
% Packages

@misc{Google_Package,
   title = {Google Package},
   url = {https://pypi.org/project/google/},
   note = {Last accessed: 2022-02-26},
   year={2022},
}














